
    <zs:record>
      <zs:recordSchema/>
      <zs:recordPacking>xml</zs:recordPacking>
      <zs:recordData>
        <record xmlns="http://www.loc.gov/MARC21/slim">
          <leader>01029cam a2200265u  4500</leader>
          <controlfield tag="001">7282535</controlfield>
          <controlfield tag="005">20231101095315.0</controlfield>
          <controlfield tag="008">820909s1908    dcu           000 0 eng  </controlfield>
          <datafield tag="906" ind1=" " ind2=" ">
            <subfield code="a">0</subfield>
            <subfield code="b">cbc</subfield>
            <subfield code="c">premunv</subfield>
            <subfield code="d">u</subfield>
            <subfield code="e">ncip</subfield>
            <subfield code="f">19</subfield>
            <subfield code="g">y-gencatlg</subfield>
          </datafield>
          <datafield tag="955" ind1=" " ind2=" ">
            <subfield code="u">ma02 2023-11-01 telework</subfield>
          </datafield>
          <datafield tag="035" ind1=" " ind2=" ">
            <subfield code="9">(DLC)   09006049</subfield>
          </datafield>
          <datafield tag="010" ind1=" " ind2=" ">
            <subfield code="a">   09006049 </subfield>
          </datafield>
          <datafield tag="040" ind1=" " ind2=" ">
            <subfield code="a">DLC</subfield>
            <subfield code="c">CarP</subfield>
            <subfield code="d">DLC</subfield>
          </datafield>
          <datafield tag="043" ind1=" " ind2=" ">
            <subfield code="a">n-us---</subfield>
          </datafield>
          <datafield tag="050" ind1="0" ind2="0">
            <subfield code="a">Z1237</subfield>
            <subfield code="b">.A56</subfield>
          </datafield>
          <datafield tag="051" ind1=" " ind2=" ">
            <subfield code="c">3d copy.</subfield>
          </datafield>
          <datafield tag="100" ind1="1" ind2=" ">
            <subfield code="a">Andrews, Charles McLean,</subfield>
            <subfield code="d">1863-1943,</subfield>
            <subfield code="e">compiler.</subfield>
          </datafield>
          <datafield tag="245" ind1="0" ind2="0">
            <subfield code="a">Guide to the manuscript materials for the history of the United States to 1783,</subfield>
          </datafield>
          <datafield tag="260" ind1=" " ind2=" ">
            <subfield code="a">Washington, D.C.,</subfield>
            <subfield code="b">The Carnegie institution of Washington,</subfield>
            <subfield code="c">1908.</subfield>
          </datafield>
          <datafield tag="300" ind1=" " ind2=" ">
            <subfield code="a">xiv, 499 p.</subfield>
            <subfield code="c">26 cm.</subfield>
          </datafield>
          <datafield tag="651" ind1=" " ind2="0">
            <subfield code="a">United States</subfield>
            <subfield code="x">History</subfield>
            <subfield code="y">Colonial period, ca. 1600-1775</subfield>
            <subfield code="v">Sources.</subfield>
          </datafield>
          <datafield tag="651" ind1=" " ind2="0">
            <subfield code="a">United States</subfield>
            <subfield code="x">History</subfield>
            <subfield code="y">Revolution, 1775-1783</subfield>
            <subfield code="v">Sources.</subfield>
          </datafield>
          <datafield tag="700" ind1="1" ind2=" ">
            <subfield code="a">Davenport, Frances Gardiner, [from old catalog]</subfield>
            <subfield code="e">compiler.</subfield>
          </datafield>
          <datafield tag="991" ind1=" " ind2=" ">
            <subfield code="b">r-MSSRef</subfield>
            <subfield code="h">CD1048.U5</subfield>
            <subfield code="i">A55</subfield>
            <subfield code="t">Copy 1</subfield>
            <subfield code="w">PREM</subfield>
          </datafield>
          <datafield tag="991" ind1=" " ind2=" ">
            <subfield code="b">r-MRR</subfield>
            <subfield code="h">CD1048.U5</subfield>
            <subfield code="i">A55</subfield>
            <subfield code="t">Copy 4</subfield>
            <subfield code="m">Alc</subfield>
            <subfield code="w">GenBib bi 87-000330</subfield>
          </datafield>
        </record>
      </zs:recordData>
      <zs:recordPosition>2</zs:recordPosition>
    </zs:record>