
    <zs:record>
      <zs:recordSchema/>
      <zs:recordPacking>xml</zs:recordPacking>
      <zs:recordData>
        <record xmlns="http://www.loc.gov/MARC21/slim">
          <leader>01395cam a22002891a 4500</leader>
          <controlfield tag="001">7323178</controlfield>
          <controlfield tag="005">20130507115827.0</controlfield>
          <controlfield tag="008">880713s1908    dcu      bc   000 0 eng  </controlfield>
          <datafield tag="906" ind1=" " ind2=" ">
            <subfield code="a">7</subfield>
            <subfield code="b">cbc</subfield>
            <subfield code="c">oclcrpl</subfield>
            <subfield code="d">u</subfield>
            <subfield code="e">ncip</subfield>
            <subfield code="f">19</subfield>
            <subfield code="g">y-gencatlg</subfield>
          </datafield>
          <datafield tag="010" ind1=" " ind2=" ">
            <subfield code="a">   23014529 </subfield>
          </datafield>
          <datafield tag="035" ind1=" " ind2=" ">
            <subfield code="9">(DLC)   23014529</subfield>
          </datafield>
          <datafield tag="035" ind1=" " ind2=" ">
            <subfield code="a">(OCoLC)18210233</subfield>
          </datafield>
          <datafield tag="040" ind1=" " ind2=" ">
            <subfield code="a">DLC</subfield>
            <subfield code="c">TxArU</subfield>
            <subfield code="d">DLC</subfield>
          </datafield>
          <datafield tag="050" ind1="0" ind2="0">
            <subfield code="a">CD1048.U5</subfield>
            <subfield code="b">A7</subfield>
          </datafield>
          <datafield tag="100" ind1="1" ind2=" ">
            <subfield code="a">Andrews, Charles McLean,</subfield>
            <subfield code="d">1863-1943.</subfield>
          </datafield>
          <datafield tag="245" ind1="1" ind2="0">
            <subfield code="a">Manuscript materials in the British museum for the history of the United States to 1783 ... /</subfield>
            <subfield code="c">by Charles M. Andrews and Frances G. Davenport.</subfield>
          </datafield>
          <datafield tag="260" ind1=" " ind2=" ">
            <subfield code="a">Washington, D.C. :</subfield>
            <subfield code="b">Carnegie institution of Washington,</subfield>
            <subfield code="c">1908.</subfield>
          </datafield>
          <datafield tag="300" ind1=" " ind2=" ">
            <subfield code="a">169 p. ;</subfield>
            <subfield code="c">25 cm.</subfield>
          </datafield>
          <datafield tag="500" ind1=" " ind2=" ">
            <subfield code="a">"Extract from Guide to the manuscript materials for the history of the United States to 1783, in the British museum, in minor London archives, and in the libraries of Oxford and Cambridge."</subfield>
          </datafield>
          <datafield tag="650" ind1=" " ind2="0">
            <subfield code="a">Manuscripts</subfield>
            <subfield code="z">Great Britain</subfield>
            <subfield code="x">Catalogs.</subfield>
          </datafield>
          <datafield tag="651" ind1=" " ind2="0">
            <subfield code="a">United States</subfield>
            <subfield code="x">History</subfield>
            <subfield code="y">Colonial period, ca. 1600-1775</subfield>
            <subfield code="x">Sources</subfield>
            <subfield code="x">Bibliography.</subfield>
          </datafield>
          <datafield tag="651" ind1=" " ind2="0">
            <subfield code="a">United States</subfield>
            <subfield code="x">History</subfield>
            <subfield code="y">Revolution, 1775-1783</subfield>
            <subfield code="x">Sources</subfield>
            <subfield code="x">Bibliography.</subfield>
          </datafield>
          <datafield tag="700" ind1="1" ind2=" ">
            <subfield code="a">Davenport, Frances G.</subfield>
            <subfield code="q">(Frances Gardiner),</subfield>
            <subfield code="d">1870-1927.</subfield>
          </datafield>
          <datafield tag="710" ind1="2" ind2=" ">
            <subfield code="a">British Museum.</subfield>
            <subfield code="b">Department of Manuscripts.</subfield>
          </datafield>
          <datafield tag="985" ind1=" " ind2=" ">
            <subfield code="e">OCLC REPLACEMENT</subfield>
          </datafield>
          <datafield tag="991" ind1=" " ind2=" ">
            <subfield code="b">c-GenColl</subfield>
            <subfield code="h">CD1048.U5</subfield>
            <subfield code="i">A7</subfield>
            <subfield code="t">Copy 1</subfield>
            <subfield code="w">OCLCREP</subfield>
          </datafield>
          <datafield tag="991" ind1=" " ind2=" ">
            <subfield code="b">r-LH&amp;G</subfield>
            <subfield code="h">CD1048.U5</subfield>
            <subfield code="i">A7</subfield>
            <subfield code="t">Copy 1</subfield>
            <subfield code="w">GenBib bi 87-000684</subfield>
          </datafield>
        </record>
      </zs:recordData>
      <zs:recordPosition>5</zs:recordPosition>
    </zs:record>